<?xml version="1.0" encoding="UTF-8"?><collection xmlns="http://www.loc.gov/MARC21/slim"><record><leader>00426nam--2200157-i-4500</leader><controlfield tag="001">000006839</controlfield><controlfield tag="002">20161230</controlfield><controlfield tag="005">20170210161701</controlfield><controlfield tag="008">060222s1000------------r-----000-0-eng-d</controlfield><datafield ind1=" " ind2=" " tag="100"><subfield code="a">Levy De Bollini, Susana P</subfield></datafield><datafield ind1=" " ind2=" " tag="245"><subfield code="a">Un modelo de potencial nuclear</subfield></datafield><datafield ind1=" " ind2=" " tag="260"><subfield code="a">Buenos Aires</subfield><subfield code="b">Comision Nacional De Energia Atomica</subfield><subfield code="c">1958</subfield></datafield><datafield ind1=" " ind2=" " tag="300"><subfield code="a">50 p</subfield></datafield><datafield ind1=" " ind2=" " tag="490"><subfield code="a">Publ.Serie Fisica</subfield></datafield><datafield ind1=" " ind2=" " tag="852"><subfield code="a">539.1</subfield></datafield><datafield ind1=" " ind2=" " tag="CAT"><subfield code="a">SYS</subfield><subfield code="c">20170210</subfield><subfield code="h">161701</subfield></datafield></record></collection>